@article{许爽2010综合设计性数字信号处理实验的探讨,
  title={综合设计性数字信号处理实验的探讨},
  author={许爽 and 李敏},
  journal={大连民族大学学报},
  volume={12},
  number={3},
  pages={277-280},
  year={2010},
 abstract={摘　要： 提出了综合设计性数字信号处理实验的教学模式，设计了综合设计性实验项目，进行了综合设计性实验教学实践。新的实验教学模式能够增强学生对数字信号处理基本概念的理解和对时频域分析方法的掌握，更有利于培养学生独立思考、善于创造、综合运用知识的能力。},
}

@article{郝小江基于,
  title={基于DSP的数字信号处理实验设计},
  author={郝小江 and 缪志农 and 黄昆},
  journal={实验技术与管理},
  volume={v.29;No.185},
  number={2},
  pages={44-47},
 abstract={针对数字信号处理及DSP技术教学中的困难,设计1个FIR数字滤波的综合实验.采用窗函数法,借助Matlab程序设计语言,设计FIR数字滤波器,应用DSP汇编语言编程实现该滤波器.实践表明,该实验设计使学生能更好地理解和掌握该课程的基本理论,并能提高学生的工程应用能力,提高本课程的授课效果,提高学生分析问题、解决问题和动手能力,使学生通过本课程的学习更加适应工作的需要.},
}

@book{赵知劲2007数字信号处理实验,
  title={数字信号处理实验},
  author={赵知劲 and 刘顺兰},
  year={2007},
 abstract={本书在简单介绍MATLAB语言及数字信号处理工具箱中的相应函数、CCS软件平台使用及TMS320C54x、DSP芯片的基础上，共安排了18个实验。},
}

